<?xml version="1.0" encoding="UTF-8"?><collection><record><leader>07664ntm a2200613 a 4500</leader><controlfield tag="001">006822686</controlfield><controlfield tag="003">MiAaHDL</controlfield><controlfield tag="005">20190719000000.0</controlfield><controlfield tag="006">m        d        </controlfield><controlfield tag="007">cr bn ---auaua</controlfield><controlfield tag="008">090624q18151816tu            00| ||ota d</controlfield><datafield tag="035" ind1=" " ind2=" "><subfield code="a">(MiU)006822686</subfield></datafield><datafield tag="035" ind1=" " ind2=" "><subfield code="a">sdr-miu006822686</subfield></datafield><datafield tag="040" ind1=" " ind2=" "><subfield code="a">MiU</subfield><subfield code="c">MiU</subfield><subfield code="e">amremm</subfield></datafield><datafield tag="041" ind1="0" ind2=" "><subfield code="a">ota</subfield><subfield code="a">per</subfield></datafield><datafield tag="043" ind1=" " ind2=" "><subfield code="a">n-us-mi</subfield></datafield><datafield tag="100" ind1="0" ind2=" "><subfield code="6">880-01</subfield><subfield code="a">Osman Şakir,</subfield><subfield code="d">d. 1818?</subfield></datafield><datafield tag="245" ind1="1" ind2="0"><subfield code="6">880-03</subfield><subfield code="a">Nazm-ı Dilârâ,</subfield><subfield code="f">[1231, i.e. 1815 or 1816].</subfield></datafield><datafield tag="246" ind1="3" ind2=" "><subfield code="a">Naẓm-i Dilārā</subfield></datafield><datafield tag="260" ind1=" " ind2=" "><subfield code="a">[Istanbul,</subfield><subfield code="c">1815 or 1816].</subfield></datafield><datafield tag="300" ind1=" " ind2=" "><subfield code="a">52 leaves :</subfield><subfield code="b">paper ;</subfield><subfield code="c">175 x 115 (98 x 58) mm.</subfield></datafield><datafield tag="500" ind1=" " ind2=" "><subfield code="a">Shelfmark: Ann Arbor, University of Michigan, Special Collections Library, Isl. Ms. 414</subfield></datafield><datafield tag="500" ind1=" " ind2=" "><subfield code="a">Origin: As appears in colophon (accompanied by oval seal impression) at close on p.103, transcription executed by the author Osman Şakir (عثمان المشتهر بالشاكر المدرس بدار السلطنه), müderris (مدرس). Date appears much earlier in the opening matter (see p.15), 1231 [1815 or 16] (represented by a chronogram incorporating the title "دا ... نظم دلارا").</subfield></datafield><datafield tag="500" ind1=" " ind2=" "><subfield code="a">Former shelfmark: "12 T. De M. [i.e. Tammaro De Marinis]" inscribed in pencil on interior of upper cover.</subfield></datafield><datafield tag="500" ind1=" " ind2=" "><subfield code="a">Binding: Pasteboards faced in dark indigo textile (silk) and edged in red leather (silk faced, leather edged, framed binding) ; Type II binding (with flap) ; possibly two-piece binding (split in spine leather may lie where one flange overlaps the other) ; pastedowns and flyleaves (front flyleaf missing) in a marbled (kumlu or kılçıklı ebru in red) European laid paper (three crescents watermark visible in back flyleaf) ; upper and lower covers carry fine gold-tooled scalloped mandorla (filled with symmetrical vegetal composition) and pendants, all in red leather onlays, with gold-painted stroke accents and tooled chain or guilloché roll border in a series of s-shaped stamps flanked by gold-painted rules ; design continues on envelope flap ; sewn chiefly in yellow thread, two stations (added bifolium in opening gathering sewn in dark brown thread, see p.8) ; worked chevron endbands in yellow and pink, in fair condition with tailband detaching ; overall in fairly good condition with minor abrasion of textile, lifting of onlay in pendant on lower cover, splitting and lifting of leather at fore edge flap joint (meeting lower cover) and spine, etc.</subfield></datafield><datafield tag="500" ind1=" " ind2=" "><subfield code="a">Support: European wove paper with watermark "J ROSE 1801 [or 1804?]" visible (see p.2, 4, 22, 24, 52, 58, 70, 80, 88, 102) ; highly burnished with margins silver-flecked and tinted pastel blue, pink, green, yellow, etc.</subfield></datafield><datafield tag="500" ind1=" " ind2=" "><subfield code="a">Decoration: Illuminated headpiece (ʻunwān / sarlawḥ) at opening on p.2 consisting of w-shaped piece filled with swirling floral vegetal motifs in gold, white, pink, yellow, orange and red on fields of gold and dark blue all set in a well of bands in white (with black scallop pattern) , yellow (with black crosses) and pink (with red lozenges and cross-hatching) and surmounted by vertical stalks (tīgh) in red and gold ; appearing at openings of subsequent sections are rectangular pieces with gold cartouches (carrying headings in red, blue-green or white) flanked by similar floral motifs and surrounded by colored bands ; written area (often tinted pale green, pale pink, etc.) surrounded by gold frame, with a second gold band defining the margin ; margins tinted (pastel blue, yellow, pink, green, etc.) and gold-flecked ; textual dividers in the form of gold rosettes with red and light blue accents ; keywords rubricated, chrysographed or in blue-green, orange-red or red-brown ; illuminated tailpiece flanks seal impression of author at close.</subfield></datafield><datafield tag="500" ind1=" " ind2=" "><subfield code="a">Script: Naskh ; elegant Ottoman hand ; partially seriffed with right-sloping head-serif on ascenders other than alif, effect of tilt to the left, curvilinear descenders (some sweeping), mainly open counters, elongation of horizontal strokes, pointing in conjoined or distinct dots ; fully vocalized.</subfield></datafield><datafield tag="500" ind1=" " ind2=" "><subfield code="a">Layout: Written in 13 lines per page ; frame-ruled (impression of misṭarah / ruling board evident).</subfield></datafield><datafield tag="500" ind1=" " ind2=" "><subfield code="a">Collation: V+I (12), 4 V(52), i ; exclusively quinions, with single bifolium added to opening quinion ; catchwords present ; pagination in pencil, Western numerals, supplied during cataloguing.</subfield></datafield><datafield tag="500" ind1=" " ind2=" "><subfield code="a">Dedication: As appears in opening matter on p.7, composed for Sultan Mahmud II (r.1223-55/1808-39).</subfield></datafield><datafield tag="500" ind1=" " ind2=" "><subfield code="a">Colophon: "Scribal," reads "بخط ناظمه المفتقر الى الله الغافر عثمان المشتهر بالشاكر المدرس بدار السلطنه</subfield></datafield><datafield tag="500" ind1=" " ind2=" "><subfield code="a">Explicit: "هر ايشك صوكينه دى انجام كار كنه پایان اسپرى اتمام كار فاعلاتن فاعلاتن فاعلات ازبر ايله ساكه بسدر بو لغات"</subfield></datafield><datafield tag="500" ind1=" " ind2=" "><subfield code="a">Incipit: "نام ايزدله قلالم اغاز ايده لم نظم كلامى ممتاز قله لم نام شريفن هران صدق واخلاصله تاورد زبان ... سبب تاليف كتاب بعد ازين عزم خطابم دكله سبب نظم كتابم دكله چونکه شاهنشه دارادربان ... يعنى كم حضرت سلطان محمود بولدى بر اصف والا قدرى ثاقب الفكر جدير صدرى ... دير كه بو شاكر عبد اضعف احسن وجهله يازدم الطف فارسى لفظنى قيلدم تقديم تركيجه ترجمه ياننده نديم فارسى اول اولنجه هر بار تركى معنيسى بولينور نا چار ... اصلنى فرعنى ايله تحصيل اد تاريخله همپا اولدى هربرى نظم دلارا اولدى ..."</subfield></datafield><datafield tag="500" ind1=" " ind2=" "><subfield code="a">Title from margin of incipit page (p.2) and opening matter (p.15).</subfield></datafield><datafield tag="500" ind1=" " ind2=" "><subfield code="a">Ms. codex.</subfield></datafield><datafield tag="510" ind1="4" ind2=" "><subfield code="a">W. Björkman and Kathleen R.F. Burrill, "Sünbül-Zāde Wehbī," In EI2</subfield></datafield><datafield tag="510" ind1="4" ind2=" "><subfield code="a">W. Björkman, "Sünbül-Zāde Wehbī," In EI</subfield></datafield><datafield tag="510" ind1="4" ind2=" "><subfield code="a">İsmail Paşa. Īḍāḥ al-maknūn,</subfield><subfield code="c">2/659</subfield></datafield><datafield tag="520" ind1="8" ind2=" "><subfield code="a">Elegant autograph copy of the versified Persian-Turkish glossary of the müderris Osman Şakir (whose name appears in Īḍāḥ al-maknūn as ʻUthmān Shukrī, d.1818?). Apparently inspired by the popular Tuhfe-yi Vehbî (used for many years in Ottoman schools) of Sünbülzâde Vehbi Mehmet Efendi (d.1809), see opening matter on p.5-15.</subfield></datafield><datafield tag="538" ind1=" " ind2=" "><subfield code="a">Mode of access: Internet.</subfield></datafield><datafield tag="541" ind1=" " ind2=" "><subfield code="c">Purchase ;</subfield><subfield code="a">Acquired by purchase (funds donated by Horace Rackham).</subfield><subfield code="d">1924.</subfield></datafield><datafield tag="546" ind1=" " ind2=" "><subfield code="a">Ottoman Turkish and Persian.</subfield></datafield><datafield tag="561" ind1=" " ind2=" "><subfield code="a">Accompanying colophon at close (p.103), oval seal impression in name of the author Osman Şakir (ʻUthmān Shākir / عثمان شاكر), inscription reads "الله غافر ... عبده عثمان شاكر ٠٧" (i.e. possibly dated 1207 [1792 or 3]) ; possible former inventory mark "(١٥)" on 'title page' (p.1) ; marginal glosses.</subfield></datafield><datafield tag="650" ind1=" " ind2="0"><subfield code="a">Manuscripts, Persian</subfield><subfield code="z">Michigan</subfield><subfield code="z">Ann Arbor.</subfield></datafield><datafield tag="650" ind1=" " ind2="0"><subfield code="a">Manuscripts, Turkish</subfield><subfield code="z">Michigan</subfield><subfield code="z">Ann Arbor.</subfield></datafield><datafield tag="650" ind1=" " ind2="0"><subfield code="a">Persian language</subfield><subfield code="v">Dictionaries</subfield><subfield code="x">Turkish.</subfield></datafield><datafield tag="655" ind1=" " ind2="7"><subfield code="a">Headpiece (layout features)</subfield><subfield code="y">19th century.</subfield><subfield code="2">aat</subfield></datafield><datafield tag="700" ind1="0" ind2=" "><subfield code="a">Abdülhamid</subfield><subfield code="b">II,</subfield><subfield code="c">Sultan of the Turks,</subfield><subfield code="d">1842-1918,</subfield><subfield code="e">former owner.</subfield></datafield><datafield tag="700" ind1="0" ind2=" "><subfield code="6">880-05</subfield><subfield code="a">Osman Şakir,</subfield><subfield code="d">d. 1818?,</subfield><subfield code="e">scribe.</subfield></datafield><datafield tag="773" ind1="0" ind2=" "><subfield code="a">Abdul Hamid Collection.</subfield></datafield><datafield tag="880" ind1="0" ind2=" "><subfield code="6">700-05/</subfield><subfield code="a">عثمان شاكر.</subfield><subfield code="e">ناسخ.</subfield></datafield><datafield tag="880" ind1="1" ind2="0"><subfield code="6">245-03/</subfield><subfield code="a">نظم دلارا,</subfield><subfield code="f">[1231ه, 1815 او 1816].</subfield></datafield><datafield tag="880" ind1="0" ind2=" "><subfield code="6">100-01/</subfield><subfield code="a">عثمان شاكر.</subfield></datafield><datafield tag="CID" ind1=" " ind2=" "><subfield code="a">006822686</subfield></datafield><datafield tag="DAT" ind1="0" ind2=" "><subfield code="a">20190719102640.0</subfield><subfield code="b">20190719000000.0</subfield></datafield><datafield tag="DAT" ind1="1" ind2=" "><subfield code="a">20190719090653.0</subfield><subfield code="b">2019-07-19T16:12:15Z</subfield></datafield><datafield tag="DAT" ind1="2" ind2=" "><subfield code="a">2019-02-26T19:00:03Z</subfield></datafield><datafield tag="CAT" ind1=" " ind2=" "><subfield code="a">SDR-MIU</subfield><subfield code="d">EX LIBRIS - ALEPH</subfield><subfield code="l">prepare.pl-004-008</subfield></datafield><datafield tag="FMT" ind1=" " ind2=" "><subfield code="a">BK</subfield></datafield><datafield tag="HOL" ind1=" " ind2=" "><subfield code="0">sdr-miu006822686</subfield><subfield code="a">MiU</subfield><subfield code="b">SDR</subfield><subfield code="c">MIU</subfield><subfield code="p">mdp.39015079130814</subfield><subfield code="s">MIU</subfield><subfield code="1">006822686</subfield></datafield><datafield tag="974" ind1=" " ind2=" "><subfield code="b">MIU</subfield><subfield code="c">MIU</subfield><subfield code="d">20190719</subfield><subfield code="s">lit-dlps-dc</subfield><subfield code="u">mdp.39015079130814</subfield><subfield code="y">1816</subfield><subfield code="r">pd</subfield><subfield code="q">bib</subfield><subfield code="t">non-US bib date2 &lt; 1879</subfield></datafield></record></collection>